%YAML 1.1
%TAG !u! tag:unity3d.com,2011:
--- !u!244 &-619234118067883848
AudioMixerEffectController:
  m_ObjectHideFlags: 3
  m_CorrespondingSourceObject: {fileID: 0}
  m_PrefabInstance: {fileID: 0}
  m_PrefabAsset: {fileID: 0}
  m_Name: 
  m_EffectID: 7e59948ecf4337d42b843c12ebca7e1e
  m_EffectName: Attenuation
  m_MixLevel: 5d4f61adf632cb741b1cae9e8bff2944
  m_Parameters: []
  m_SendTarget: {fileID: 0}
  m_EnableWetMix: 0
  m_Bypass: 0
--- !u!241 &24100000
AudioMixerController:
  m_ObjectHideFlags: 0
  m_CorrespondingSourceObject: {fileID: 0}
  m_PrefabInstance: {fileID: 0}
  m_PrefabAsset: {fileID: 0}
  m_Name: Audio Mixer
  m_OutputGroup: {fileID: 0}
  m_MasterGroup: {fileID: 24300002}
  m_Snapshots:
  - {fileID: 24500006}
  m_StartSnapshot: {fileID: 24500006}
  m_SuspendThreshold: -80
  m_EnableSuspend: 1
  m_UpdateMode: 0
  m_ExposedParameters: []
  m_AudioMixerGroupViews:
  - guids:
    - 71c3ee8000e53ac40825081f9b2b3ea3
    - eccfd692445b92f4eb68a7774be8053b
    - 0ad4f82d1d86ee24892a14bc9a818c3e
    - 6b0986f72e13b5c498d38021db260472
    name: View
  m_CurrentViewIndex: 0
  m_TargetSnapshot: {fileID: 24500006}
--- !u!243 &24300002
AudioMixerGroupController:
  m_ObjectHideFlags: 0
  m_CorrespondingSourceObject: {fileID: 0}
  m_PrefabInstance: {fileID: 0}
  m_PrefabAsset: {fileID: 0}
  m_Name: Master
  m_AudioMixer: {fileID: 24100000}
  m_GroupID: 71c3ee8000e53ac40825081f9b2b3ea3
  m_Children:
  - {fileID: 7492884791490413806}
  - {fileID: 5055652791618586042}
  - {fileID: 5756022551717939643}
  m_Volume: 5450b0f50ab2c5f4d8f16054aefbb728
  m_Pitch: 3b1a75642d040f744a5e330b2723b8d8
  m_Send: 00000000000000000000000000000000
  m_Effects:
  - {fileID: 24400004}
  - {fileID: 7152212089874834929}
  m_UserColorIndex: 0
  m_Mute: 0
  m_Solo: 0
  m_BypassEffects: 0
--- !u!244 &24400004
AudioMixerEffectController:
  m_ObjectHideFlags: 3
  m_CorrespondingSourceObject: {fileID: 0}
  m_PrefabInstance: {fileID: 0}
  m_PrefabAsset: {fileID: 0}
  m_Name: 
  m_EffectID: 65274915aa3862149bc583cc5e577a86
  m_EffectName: Attenuation
  m_MixLevel: ae237537f85c8f642a0eaf9a53431ee5
  m_Parameters: []
  m_SendTarget: {fileID: 0}
  m_EnableWetMix: 0
  m_Bypass: 0
--- !u!245 &24500006
AudioMixerSnapshotController:
  m_ObjectHideFlags: 0
  m_CorrespondingSourceObject: {fileID: 0}
  m_PrefabInstance: {fileID: 0}
  m_PrefabAsset: {fileID: 0}
  m_Name: Snapshot
  m_AudioMixer: {fileID: 24100000}
  m_SnapshotID: 630242ca151e96c4981ed170f669c23c
  m_FloatValues:
    27cad1a0233e7384482219121171cb4e: 0
    59be61b04cbb2634ca5480559c5a8e46: 0
    a424af61019ab6b46a088c33b9673526: -248
    16c4b991a30b4554fb3964a2f6726dbf: 0.066
    9bfbb142e349f604e9f1cf577c643bc7: 2000
    8af6c0c2fe93e1a41b5af824876e3f62: 0.145
    92861004518b6304a8938409e30b7941: -6
    cce81b34bfebd144d86d661b073e05ad: 1000
    9847bf34c1294df42ac258e5d1bd44ad: 100
    fc3008c55ca268e4bb3d979ebb3b4a29: 928
    5450b0f50ab2c5f4d8f16054aefbb728: 0
    313c0006b2e2d654ca706aa82ff0c839: 0.28
    851d78774cc6a1844908d3a713f69a59: 0.1
    dc262097c1a1bb14b94f63c8a21c8e3c: 50
    3d691aa7e9f9d864eb99d167a2c5dccb: 0
    ccbdd5e7f8a7d5149a99a3581fdc26c2: 20
    811d4e082b0d397449fd13afd32f3cc5: 1000
    327a4758b2d38dd4bb37808b65ddbd8d: 12753
    2c866ba84c6e5ec468a4907749190126: 0
    300a05a9ec1d3e24c8f4209a9fdb6120: 0.3
    7d220ab978332eb4a9487c78cb68e065: -124
    369da72b5c0c9324ba1882b5fbca9493: 0
    133db8cb8a46b2940ae2a9bcf2adb315: 87
    cd1cd3dbb58254c4d84c8f8be399adb5: 1000
    83beabdbea09fe1439ae4ef96124f339: 3
    cf16873cf7e8efc4c83f2617537a3aa9: 340
    f5c0710d116baa9468cd92133be8920a: 69
    a047d82df8d9c9e48a9095d574243eb1: -2290
    e7cae8ad2b73d4748bfd1bb032b64128: 300
    e240e77edef809b448fc125ecb1776e0: 0
    e7c4f6ae983525f4aa3d91ca94c06d68: -7861
    fa3e8ceed4336af40b8031321bc19dc9: 0
    c985f8af167ae524c88c6547b5e7f462: 2
  m_TransitionOverrides: {}
--- !u!244 &1649716996580878299
AudioMixerEffectController:
  m_ObjectHideFlags: 3
  m_CorrespondingSourceObject: {fileID: 0}
  m_PrefabInstance: {fileID: 0}
  m_PrefabAsset: {fileID: 0}
  m_Name: 
  m_EffectID: 84a9d0fdb7fff064a8e3cf29ada0fd36
  m_EffectName: Attenuation
  m_MixLevel: 22fe05edb7aba3146b46d8fe572aada8
  m_Parameters: []
  m_SendTarget: {fileID: 0}
  m_EnableWetMix: 0
  m_Bypass: 0
--- !u!243 &5055652791618586042
AudioMixerGroupController:
  m_ObjectHideFlags: 0
  m_CorrespondingSourceObject: {fileID: 0}
  m_PrefabInstance: {fileID: 0}
  m_PrefabAsset: {fileID: 0}
  m_Name: Vibraphone
  m_AudioMixer: {fileID: 24100000}
  m_GroupID: eccfd692445b92f4eb68a7774be8053b
  m_Children: []
  m_Volume: 27cad1a0233e7384482219121171cb4e
  m_Pitch: 9ee4124815260f148827517557ab9c4b
  m_Send: 00000000000000000000000000000000
  m_Effects:
  - {fileID: 6756949167079954082}
  m_UserColorIndex: 0
  m_Mute: 0
  m_Solo: 0
  m_BypassEffects: 0
--- !u!243 &5756022551717939643
AudioMixerGroupController:
  m_ObjectHideFlags: 0
  m_CorrespondingSourceObject: {fileID: 0}
  m_PrefabInstance: {fileID: 0}
  m_PrefabAsset: {fileID: 0}
  m_Name: Bass
  m_AudioMixer: {fileID: 24100000}
  m_GroupID: 6b0986f72e13b5c498d38021db260472
  m_Children: []
  m_Volume: 3b99071a4249eba43930be9e145b0d37
  m_Pitch: 17ab09b041d4497409985569acb8acdf
  m_Send: 00000000000000000000000000000000
  m_Effects:
  - {fileID: 1649716996580878299}
  m_UserColorIndex: 0
  m_Mute: 0
  m_Solo: 0
  m_BypassEffects: 0
--- !u!244 &6756949167079954082
AudioMixerEffectController:
  m_ObjectHideFlags: 3
  m_CorrespondingSourceObject: {fileID: 0}
  m_PrefabInstance: {fileID: 0}
  m_PrefabAsset: {fileID: 0}
  m_Name: 
  m_EffectID: 39a868b324bff9d4a84d3b7295739634
  m_EffectName: Attenuation
  m_MixLevel: 090681f7059e20e4eab535c892d55772
  m_Parameters: []
  m_SendTarget: {fileID: 0}
  m_EnableWetMix: 0
  m_Bypass: 0
--- !u!244 &7152212089874834929
AudioMixerEffectController:
  m_ObjectHideFlags: 3
  m_CorrespondingSourceObject: {fileID: 0}
  m_PrefabInstance: {fileID: 0}
  m_PrefabAsset: {fileID: 0}
  m_Name: 
  m_EffectID: 1afed6dffb99fcd4d8ce508ff416537c
  m_EffectName: Compressor
  m_MixLevel: ae92cad51f535084f99cfaa2a7fe35f9
  m_Parameters:
  - m_ParameterName: Threshold
    m_GUID: 92861004518b6304a8938409e30b7941
  - m_ParameterName: Attack
    m_GUID: dc262097c1a1bb14b94f63c8a21c8e3c
  - m_ParameterName: Release
    m_GUID: e7cae8ad2b73d4748bfd1bb032b64128
  - m_ParameterName: Make up gain
    m_GUID: 83beabdbea09fe1439ae4ef96124f339
  m_SendTarget: {fileID: 0}
  m_EnableWetMix: 0
  m_Bypass: 0
--- !u!243 &7492884791490413806
AudioMixerGroupController:
  m_ObjectHideFlags: 0
  m_CorrespondingSourceObject: {fileID: 0}
  m_PrefabInstance: {fileID: 0}
  m_PrefabAsset: {fileID: 0}
  m_Name: Drums
  m_AudioMixer: {fileID: 24100000}
  m_GroupID: 0ad4f82d1d86ee24892a14bc9a818c3e
  m_Children: []
  m_Volume: fa3e8ceed4336af40b8031321bc19dc9
  m_Pitch: deab9e8469c8ef34188bed7f75300d99
  m_Send: 00000000000000000000000000000000
  m_Effects:
  - {fileID: -619234118067883848}
  m_UserColorIndex: 0
  m_Mute: 0
  m_Solo: 0
  m_BypassEffects: 0
